@inproceedings{Svensson2016LearningPM,
  title={Learning probabilistic models of dynamical phenomena using particle filters},
  author={Andreas Svensson},
  year={2016}
}
@inproceedings{Doucet2008ATO,
  title={A Tutorial on Particle Filtering and Smoothing: Fifteen years later},
  author={A. Doucet and A. M. Johansen},
  year={2008}
}
@article{Handschin1970MonteCT,
  title={Monte Carlo techniques for prediction and filtering of non-linear stochastic processes},
  author={J. E. Handschin},
  journal={Automatica},
  year={1970},
  volume={6},
  pages={555-563}
}